%_____________________________________________________________________________
%=============================================================================
% referensi.bib v2 (03-10-2016) dibuat oleh Lionov - Informatika FTIS UNPAR
% 
% Ini adalah file referensi (referensi.bib), berisi petunjuk singkat membuat
% referensi dan dipergunakan untuk menyimpan data referensi yang digunakan di
% buku skripsi
%
% Sejak template skripsi versi 11, style bibliography yang digunakan adalah 
% "computer journal" (cj). Perubahan ini disebabkan karena penulisan 
% nama penulis pada style sebelumnya (ieeetr) tidak sesuai dengan kaidah 
% penulisan Bahasa Indonesia, tetapi sekaligus ingin mempertahankan penggunaan
% angka untuk merujuk dan urutan item di referensi sesuai dengan kemunculan
% di teks skripsi.
% Untuk menggunakan style "cj", anda membutuhkan file "compj.bst" yang sudah
% disertakan di dalam Template Skripsi FTIS
%
% File compj.bst tersebut merupakan file resmi yang digunakan oleh Computer 
% Journal yang diterbitkan Oxford University di Inggris, kemudian dilakukan 
% cukup banyak penyesuaian untuk digunakan di FTIS UNPAR, oleh sebab itu
% ada kemungkinan terjadi warning/error jika isi file ini digunakan untuk
% mencetak daftar referensi dengan menggunakan style yang lain
%
% Jika anda menemui kesulitan dalam menuliskan referensi (karena tidak 
% terdapat pada contoh yang diberikan), anda dapat bertanya via email ke 
% lionov(at)gmail.com atau lionov(at)unpar.ac.id
%
% Versi 2 (03-10-2016):
%	- Penjelasan umum dan 12 jenis penulisan referensi
%_____________________________________________________________________________
%=============================================================================

%_____________________________________________________________________________
%=============================================================================
% Panduan singkat penulisan isi referensi.bib untuk Template Skripsi FTIS
%
% Dalam file ini akan diberikan contoh cara penulisan dari 10 jenis sumber 
% yang umum digunakan. 
% Untuk keseluruhan penulisan nama penulis, gunakan format nama lengkap yang 
% dipisahkan dengan kata "and" (jika terdapat beberapa orang penulis)
% 	Contoh : John Doe and Jack Doe and Jane Doe
% jika perlu, gunakan tanda kurung untuk nama-nama tertentu untuk memisahkan 
% nama depan dengan nama keluarga agar lebih tepat
% 	Contoh : John {van Doe} and Jack {von Doe}
% atau, gunakan tanda koma yang memisahkan nama dan nama keluarga (ditulis 
% terbalik)
% 	Contoh : Doe, John and von Doe, Jack and Doe, Jane
%
% Secara umum, data untuk bibtex dapat ditemukan secara otomatis di internet
% Misalkan untuk buku, carilah dengam mesin pencari, nama buku dengan tambahan 
% "bibtex". Hal serupa dapat digunakan untuk mencari paper/artikel.
%
% Bahan kuliah (dalam bentuk slide/lecture notes) tidak dianjurkan digunakan 
% sebagai referensi, karena biasanya isinya mengacu ke suatu buku wajib di 
% kuliah tersebut. Jadi lebih baik mencantumkan buku wajib tersebut sebagai 
% referensi.
%
% Khusus untuk mahasiswa/i prodi informatika, banyak paper/buku dapat diunduh 
% bibtexnya dari dblp atau acm.org. Jika anda mendapatkan bib dari hasil unduh 
% tersebut, mohon informasi yang diisi disesuaikan dengan petunjuk yang ada 
% sehingga hasil referensi anda tetap rapi.
%
% Mohon tidak menuliskan "et al.", karena akan diduga dihasilkan oleh 
% template ini, padahal tidak demikian. Gunakan "dkk" bila sangat terpaksa. 
% Lebih baik tuliskan semua nama penulis untuk menghargai mereka. 
% Tentu jika jumlahnya masuk akal, maksimal sekitar 10 orang. 
%_____________________________________________________________________________
%=============================================================================
%
%_____________________________________________________________________________
%=============================================================================
@manual{WCAG:2.1,
	number 		= {Version 2.1},
	title 		= {Web Content Accessibility Guidelines},
	year 		= {2018},
	organization= {W3C Web Accessibility Initiative (WAI)},	
	address 	= {Massachusetts, USA},
	url			= {https://www.w3.org/TR/WCAG21/},
}

@manual{BlueTape,
	number 		= {Commit 1005bf9},
	title 		= {BlueTape},
	year 		= {2019},
	organization= {Fakultas Teknologi Informasi dan Sains Universitas Katolik Parahyangan},	
	address 	= {Bandung, Indonesia},
	url			= {https://github.com/hizkia-s/BlueTape},
}

@manual{CodeIgniter,
	number 		= {Version 3.1.4},
	title 		= {CodeIgniter},
	year 		= {2017},
	organization= {British Columbia Institute of Technology},	
	address 	= {Burnaby, Canada},
}

@manual{Foundation,
	number 		= {Version 6.1.2},
	title 		= {Foundation},
	year 		= {2016},
	organization= {ZURB, Inc},	
	address 	= {Campbell, California},
}

@inproceedings{WebAccessibility-ABroderView,
	author		= {John T. Richards and Vicki L. Hanson},
	title		= {Web Accessibility: A Broader View},
	pages		= {72--79},
	booktitle	= {Proceedings of the 13th International Conference on World Wide Web},
	year		= {2004},
	month		= {May},
	address		= {New York, NY, USA},
	publisher	= {Association for Computing Machinery},
}

@book{HumanComputer-Interaction,
	author		= {Alan Dix and Janet Finlay and Gregory D. Abowd and Russel Beale},
	title   	= {Human-computer Interaction},
	edition		= {3rd},
	year   		= {2004},
	publisher	= {Pearson Education},
	address		= {Harlow},
}